@techreport{collinson2022eviction,
  title={Eviction and Poverty in American Cities},
  author={Collinson, Robert and Humphries, John Eric and Mader, Nicholas S and Reed, Davin K and Tannenbaum, Daniel I and van Dijk, Winnie},
  year={2022},
  institution={National Bureau of Economic Research}
}

@article{abramson2021welfare,
  title={The Welfare Effects of Eviction and Homelessness Policies},
  author={Abramson, Boaz},
  year={2021}
}

@techreport{cassidy2022effects,
  title={The Effects of Legal Representation on Tenant Outcomes in Housing Court: Evidence from New York City's Universal Access Program},
  author={Cassidy, Michael T and Currie, Janet},
  year={2022},
  institution={National Bureau of Economic Research}
}

@inproceedings{finn2017model,
  title={Model-agnostic meta-learning for fast adaptation of deep networks},
  author={Finn, Chelsea and Abbeel, Pieter and Levine, Sergey},
  booktitle={International conference on machine learning},
  pages={1126--1135},
  year={2017},
  organization={PMLR}
}
@article{greiner2012limits,
  title={The limits of unbundled legal assistance: a randomized study in a Massachusetts district court and prospects for the future},
  author={Greiner, D James and Pattanayak, Cassandra Wolos and Hennessy, Jonathan},
  journal={Harv. L. rev.},
  volume={126},
  pages={901},
  year={2012},
  publisher={HeinOnline}
}

@article{kelly2020learning,
  title={Learning differential equations that are easy to solve},
  author={Kelly, Jacob and Bettencourt, Jesse and Johnson, Matthew J and Duvenaud, David K},
  journal={Advances in Neural Information Processing Systems},
  volume={33},
  pages={4370--4380},
  year={2020}
}

@misc{desmond2019unaffordable,
  title={Unaffordable America: poverty, housing, and eviction. Fast Focus 22-2015},
  author={Desmond, M},
  year={2019}
}

@article{seron2001impact,
  title={The impact of legal counsel on outcomes for poor tenants in New York City's housing court: results of a randomized experiment},
  author={Seron, Carroll and Frankel, Martin and Van Ryzin, Gregg and Kovath, Jean},
  journal={Law and Society Review},
  pages={419--434},
  year={2001},
  publisher={JSTOR}
}

@article{greiner2012limits,
  title={The limits of unbundled legal assistance: a randomized study in a Massachusetts district court and prospects for the future},
  author={Greiner, D James and Pattanayak, Cassandra Wolos and Hennessy, Jonathan},
  journal={Harv. L. rev.},
  volume={126},
  pages={901},
  year={2012},
  publisher={HeinOnline}
}

@article{engler2010connecting,
  title={Connecting self-representation to civil Gideon: What existing data reveal about when counsel is most needed},
  author={Engler, Russell},
  journal={Fordham Urb. LJ},
  volume={37},
  pages={37},
  year={2010},
  publisher={HeinOnline}
}

@article{bayer2017racial,
  title={Racial and ethnic price differentials in the housing market},
  author={Bayer, Patrick and Casey, Marcus and Ferreira, Fernando and McMillan, Robert},
  journal={Journal of Urban Economics},
  volume={102},
  pages={91--105},
  year={2017},
  publisher={Elsevier}
}

@article{gunn1995eviction,
  title={Eviction Defense for Poor Tenants: Costly Compassion or Justice Served},
  author={Gunn, Steven},
  journal={Yale L. \& Pol'y Rev.},
  volume={13},
  pages={385},
  year={1995},
  publisher={HeinOnline}
}

@article{popov2016homeless,
  title={Homeless programs and social insurance},
  author={Popov, Igor},
  journal={Unpublished dissertation. Palo Alto, CA: Stanford University},
  year={2016}
}

@article{gromis2022estimating,
  title={Estimating eviction prevalence across the United States},
  author={Gromis, Ashley and Fellows, Ian and Hendrickson, James R and Edmonds, Lavar and Leung, Lillian and Porton, Adam and Desmond, Matthew},
  journal={Proceedings of the National Academy of Sciences},
  volume={119},
  number={21},
  pages={e2116169119},
  year={2022},
  publisher={National Acad Sciences}
}

@book{desmond2016evicted,
  title={Evicted: Poverty and profit in the American city},
  author={Desmond, Matthew},
  year={2016},
  publisher={Crown}
}

@article{evans2019reducing,
  title={Reducing and preventing homelessness: A review of the evidence and charting a research agenda},
  author={Evans, William N and Philips, David C and Ruffini, Krista J},
  year={2019},
  publisher={National Bureau of Economic Research}
}

@article{cunningham2015rapid,
  title={Rapid rehousing},
  author={Cunningham, Mary and Gillespie, Sarah and Anderson, Jacqueline},
  journal={Urban Institute: Washington, DC, USA},
  year={2015}
}